<?xml version="1.0" encoding="UTF-8"?><collection xmlns="http://www.loc.gov/MARC21/slim"><record><leader>00539nam--2200169-i-4500</leader><controlfield tag="001">000030674</controlfield><controlfield tag="002">20161230</controlfield><controlfield tag="005">20161230201038</controlfield><controlfield tag="008">060222s1000------------r-----000-0-eng-d</controlfield><datafield ind1=" " ind2=" " tag="040"><subfield code="a">IFIN-HH</subfield></datafield><datafield ind1=" " ind2=" " tag="080"><subfield code="a">539.184:535.33(043)</subfield></datafield><datafield ind1="1" ind2=" " tag="100"><subfield code="a">Lyyra, Marjatta</subfield></datafield><datafield ind1="1" ind2="0" tag="245"><subfield code="a">Spectroscopic studies of some atomic and molecular specias with particular emphasis on time resolved techniques</subfield><subfield code="b">These</subfield><subfield code="c">Marjatta lyyra</subfield></datafield><datafield ind1=" " ind2=" " tag="260"><subfield code="a">Stockholm</subfield><subfield code="b">Institute Of Physics</subfield><subfield code="c">1979</subfield></datafield><datafield ind1=" " ind2=" " tag="300"><subfield code="a">61P.+ VI</subfield></datafield><datafield ind1=" " ind2=" " tag="852"><subfield code="a">71159</subfield><subfield code="c">535.33</subfield></datafield><datafield ind1=" " ind2=" " tag="CAT"><subfield code="a">Sys</subfield><subfield code="c">20101216</subfield><subfield code="h">161218</subfield></datafield></record></collection>